@book{paivio1986,
  author    = {Allan Paivio},
  title     = {Mental Representations: A Dual Coding Approach},
  year      = {1986},
  publisher = {Oxford University Press},
  location  = {New York}
}

@book{koffka1935,
  author    = {Kurt Koffka},
  title     = {Principles of Gestalt Psychology},
  year      = {1935},
  publisher = {Harcourt, Brace},
  location  = {New York}
}

@article{healey1996,
  author  = {Christopher G. Healey and James T. Enns},
  title   = {Building Perceptual Color Maps for Visualizing Large Data Sets},
  journal = {IEEE Computer Graphics and Applications},
  year    = {1996},
  volume  = {16},
  number  = {5},
  pages   = {38--46},
  doi     = {10.1109/38.536307}
}

@article{abdurrahman2023,
  author  = {Alfie Abdul-Rahman and Min Chen and David H. Laidlaw and Brian Fisher},
  title   = {Impact of Shape and Colour Combination on Visual Search Performance on Monitor Screen},
  journal = {Journal of Eye Tracking and Visualization},
  year    = {2023},
  volume  = {9},
  number  = {2},
  pages   = {101--115}
}

@book{kosslyn1994,
  author    = {Stephen M. Kosslyn},
  title     = {Image and Brain: The Resolution of the Imagery Debate},
  year      = {1994},
  publisher = {MIT Press},
  location  = {Cambridge, MA}
}

@book{burch2017,
  editor    = {Michael Burch and Lewis Chuang and Brian Fisher and Albrecht Schmidt and Daniel Weiskopf},
  title     = {Eye Tracking and Visualization: Foundations, Techniques, and Applications},
  year      = {2017},
  publisher = {Springer},
  doi       = {10.1007/978-3-319-47024-5}
}